%% This BibTeX bibliography file was created using BibDesk.
%% http://bibdesk.sourceforge.net/


%% Created for Amanda Newmark at 2016-08-18 00:02:50 -0500 


%% Saved with string encoding Unicode (UTF-8) 



@article{Cuesta:2015,
	Author = {Antonio J. Cuesta},
	Date-Added = {2016-08-18 05:01:57 +0000},
	Date-Modified = {2016-08-18 05:02:46 +0000},
	Journal = {Monthly Notices of the Royal Astronomical Society},
	Title = {The clustering of galaxies in the SDSS-III Baryon Oscillation Spectroscopic Survey: Baryon Acoustic Oscillations in the correlation function of LOWZ and CMASS galaxies in Data Release 12},
	Year = {2015}}

@article{Eisenstein:2001,
	Author = {Daniel J Eisenstein},
	Date-Added = {2016-08-18 04:54:41 +0000},
	Date-Modified = {2016-08-18 04:55:22 +0000},
	Journal = {The Astronomical Journal},
	Title = {Spectroscopic Target Selection for the Sloan Digital Sky Survey: The Luminous Red Galaxy Sample},
	Year = {2001}}

@article{DSouza:2014,
	Author = {Richard D'Souza},
	Date-Added = {2016-08-15 21:39:39 +0000},
	Date-Modified = {2016-08-16 04:32:14 +0000},
	Journal = {Monthly Notices of the Royal Astronomical Society},
	Title = {Parametrizing the Stellar Haloes of Galaxies},
	Year = {2014}}

@article{Bauer:2013,
	Author = {Amanda Bauer},
	Date-Added = {2016-08-13 14:49:36 +0000},
	Date-Modified = {2016-08-13 14:49:51 +0000},
	Title = {Galaxy And Mass Assembly (GAMA): Linking Star Formation Histories and Stellar Mass Growth},
	Year = {2013}}

@article{Iodice:2016,
	Author = {E. Iodice},
	Date-Added = {2016-08-13 14:46:46 +0000},
	Date-Modified = {2016-08-13 14:47:30 +0000},
	Title = {The Fornax Deep Survey with VST. I. The extended and diffuse stellar halo of NGC~1399 out to 192 kpc},
	Year = {2016}}

@article{Pillepich:2014,
	Author = {Annalisa Pillepich},
	Date-Added = {2016-08-11 22:40:26 +0000},
	Date-Modified = {2016-08-11 22:41:52 +0000},
	Journal = {Royal Astronomical Society},
	Title = {Halo Mass and Assembly History Exposed in the Faint Outskirts: the Stellar and Dark Matter Haloes of Illustris Galaxies},
	Year = {2014}}

@article{Hogg:2002,
	Author = {David W. Hogg},
	Date-Added = {2016-08-11 22:18:21 +0000},
	Date-Modified = {2016-08-11 22:31:15 +0000},
	Journal = {arXiv.org},
	Title = {The K Correction},
	Year = {2002}}

@article{Tojeiro:2009,
	Author = {Rita Tojeiro},
	Date-Added = {2016-08-11 22:15:50 +0000},
	Date-Modified = {2016-08-11 22:31:23 +0000},
	Journal = {The Astrophysical Journal Supplement Series},
	Month = {November},
	Title = {A Public Catalog of Stellar Masses, Star Formation and Metallicity Histories, and Dust Content from the Sloan Digital Sky Survey Using VESPA},
	Year = {2009}}
